1887 2839
51 169 106 230 C
119 172 168 228 A
184 172 228 227 R
246 172 295 226 O
310 169 387 229 LI
429 173 470 229 B
486 174 535 228 O
550 175 673 251 VII
713 89 1366 245 SAaRe-lSlitlilrgafsENSlVM
1405 186 1445 239 P
1459 185 1568 247 RAE
1584 187 1779 247 SVLIS

381 346 486 404 Cui
510 363 695 404 nornen
721 360 775 403 vt
786 263 1244 425 Ἑῗίῗιῗιζῑῑκῦιιὶε
1270 369 1450 421 omen,

483 442 560 495 Ita
587 437 636 496 se
659 441 878 515 praestitit
905 442 1144 501 omnibus
1168 462 1366 512 carum.

153 535 308 597 Vnde
337 548 463 594 terra
491 549 594 590 tam
620 538 746 598 Cari
774 539 979 616 Capitis
1009 539 1183 601 merita
1210 561 1313 598 non
1341 539 1412 600 sat
1435 545 1674 611 reuerita,

438 624 566 697 Qae
588 626 683 699 tibi
713 646 817 683 non
843 632 1064 701 pendere
1091 633 1259 703 potuit
1284 629 1396 694 illa,

725 718 776 772 C
793 714 841 770 A
860 717 903 770 R
920 718 968 768 O
989 717 1026 770 L
1043 718 1083 770 E
1096 754 1110 777 ‚

374 794 539 852 Coelis
565 796 710 860 datus
732 801 920 873 largius
943 798 1033 852 tibi
1063 797 1268 871 repensa
1293 800 1476 858 refers·

284 883 467 956 Superi
492 902 740 942 memores
767 889 953 961 aequius
981 926 994 948 ‚
1024 905 1180 960 quam
1209 902 1346 943 terrae
1371 887 1548 947 incolae

569 971 794 1030 Virtutes
820 972 1113 1032 aestimarunt
1135 992 1240 1032 tuas
1255 1015 1266 1028 .

307 1054 563 1119 Labores,
592 1078 721 1132 quos
747 1053 1002 1117 sustinuisti
1032 1063 1234 1138 dignius
1257 1054 1534 1132 pensaturi.

410 1144 515 1212 Qi
548 1146 642 1215 tibi
670 1146 871 1203 debitus
898 1146 992 1204 fuit
1016 1149 1186 1204 honos
1211 1147 1262 1200 in
1293 1144 1436 1199 terris

406 1282 409 1283 γ
618 1233 827 1289 Coelum
851 1247 954 1285 non
980 1233 1212 1306 negauit·

227 1314 404 1378 Nam,
432 1334 585 1392 quarn
611 1333 776 1375 tecum
810 1321 1051 1375 Lauream
1078 1314 1294 1373 detulisti
1317 1284 1616 1377 Coronam,

597 1406 803 1462 Sentis
789 1424 839 1473 in
863 1421 1065 1462 auream
1092 1403 1251 1460 verti.

281 1493 409 1562 Qae
434 1489 528 1546 fuit
555 1492 648 1548 tibi
677 1494 865 1550 Mithra
885 1531 898 1557 ‚
923 1509 1052 1547 nunc
1080 1490 1335 1546 Diadema
1362 1485 1546 1546 cernis:

91 1579 234 1648 Qas
250 1576 518 1653 dignitates
534 1579 771 1637 assecutus
786 1600 857 1643 es,
873 1576 1158 1634 sublimiora
1173 1579 1266 1633 tibi
1280 1590 1458 1649 parant
1485 1572 1710 1636 subsellia
1726 1599 1742 1642 ς

389 1667 506 1724 'Etfi
533 1669 635 1725 vita
661 1668 755 1723 tibi
781 1667 947 1724 breuis
979 1659 1123 1718 causa
1151 1666 1323 1721 mortis
1344 1664 1439 1723 fuit

438 1758 440 1762 ’
602 1757 838 1813 Aeternae
865 1771 999 1808 mors
1022 1750 1115 1806 fuit
1139 1751 1274 1806 vitae.

677 1847 796 1898 Hoc
826 1839 987 1897 habes
1015 1838 1213 1891 BOVI.

402 1930 477 1986 Vt
501 1946 808 2004 quamquam
838 1930 1003 1982 Parcae
1030 1924 1237 1981 fulmina
1262 1918 1462 1982 senseris

466 2010 632 2071 A⁸tua
661 2014 842 2069 Gloria
871 2012 1147 2067 Obliuionis
1174 2009 1386 2081 fulmen,

444 2102 548 2172 Qi
575 2100 782 2157 fulmina
813 2102 972 2175 gestat
998 2096 1129 2159 aleS,
1161 2096 1407 2159 arcuerim

417 2192 533 2247 Nec
564 2204 646 2244 tua
671 2187 799 2243 Lilia
827 2186 999 2260 Rubig
981 2187 1138 2240 inem
1165 2182 1256 2239 fint
1283 2184 1442 2257 passa,

369 2280 505 2354 Qa
533 2278 731 2331 dodtam
760 2275 807 2327 in
835 2273 1005 2328 medlo
1022 2273 1277 2326 Virtutum
1301 2284 1488 2350 campo

704 2362 920 2416 Laurum
950 2357 1215 2414 inseruisti.

422 2452 548 2516 Qae
575 2450 692 2523 quia
720 2462 796 2504 tot
826 2445 982 2505 Coelo
1010 2445 1186 2502 Sidera
1211 2441 1478 2504 immisisti,

339 2537 623 2595 Aeternum
647 2537 941 2613 fulgebunt,
974 2536 1227 2593 Aeternus
1254 2548 1309 2589 vt
1334 2529 1527 2607 fulges.

1503 2720 1695 2816 Luge
