1887 2839
63 55 330 113 natamque
345 37 447 94 Dei
463 79 475 101 ,
490 42 538 92 δε
557 38 792 112 Episcopi
809 37 1041 100 domum,
1063 37 1394 110 Syluestrinos
1415 39 1795 96 Monachosin.

65 125 135 173 tra
164 136 246 171 tua
276 119 460 172 moenia
487 118 988 187 receptos‚custodes
1014 121 1210 188 gregis,
1239 118 1513 190 ouiumque
1538 116 1792 172 fidissimos

67 194 415 249 excubitores.
464 193 616 246 Adde
644 195 971 247 Seminarium
1002 196 1249 255 erectum,
1268 193 1541 266 annuisque
1568 192 1792 248 censibus

67 271 354 330 stabilitum,
373 270 458 323 vbi
476 270 736 324 Clericalis
763 268 1020 336 disciplina
1045 272 1269 330 floreret,
1295 271 1542 339 &optimi
1567 271 1792 324 Parentis

70 349 245 419 pietas,
258 346 402 400 radix
430 347 507 401 vel
540 348 649 418 post
675 360 884 400 mortem
907 345 1140 399 foecunda
1157 347 1207 399 in
1223 345 1398 399 vberes
1413 344 1600 399 fruetus
1614 347 1794 418 prole.»

69 421 263 494 semper
277 423 444 476 viuida
462 437 758 492 perennaret
773 458 787 474 .
832 420 988 477 Adde
1003 423 1296 495 profligatos
1310 422 1404 475 tuis
1418 419 1446 473 ὲ
1460 419 1644 476 finibus
1666 438 1792 476 exu-

66 500 152 559 les,
166 499 382 554 extincta
398 498 754 553 discordiarum
770 499 1018 557 incendia,
1036 514 1265 570 pacatam
1284 498 1508 573 vndique
1521 499 1763 553 ditionem
1776 535 1792 559 ,

67 577 243 648 Lupos
255 575 320 629 ab
335 574 456 629 ouili
469 575 601 630 ferro
618 613 631 634 ,
643 578 945 649 flammaque
962 574 1244 646 prohibitos
1259 613 1273 637 ‚
1289 576 1540 630 eradicata
1553 576 1758 630 Zizania
1773 587 1796 637 ,’

65 667 335 724 purgatum
350 651 566 705 triticum
580 690 595 715 ,
610 652 890 706 eliminatas
906 689 919 711 .
932 652 1204 725 Ereboque
1220 652 1441 705 redditas
1457 653 1690 706 vitiorum
1707 668 1795 713 ,ac

65 727 302 782 scelerum
321 728 479 800 pestes
496 766 507 788 ,
521 747 716 783 morum
744 727 1055 800 disciplinam
1073 731 1317 782 inuec‘tam
1335 745 1416 787 ,ac
1434 725 1583 782 firmis
1599 727 1794 800 vbique

66 804 319 860 radicibus
342 805 688 867 constitutam,
708 822 760 859 vt
787 805 999 858 eandem
1030 804 1267 857 videlicet
1290 821 1491 857 manum
1515 803 1794 880 &omnis

63 881 227 935 bonus
244 880 544 937 oscularetur
559 881 853 940 beneficam,
871 882 919 931 ὅ(
937 879 1038 935 sola
1052 880 1281 951 impietas
1301 878 1537 944 seueram,
1552 898 1609 934 ac
1624 880 1793 949 vindi<

64 976 175 1012 cem
191 959 510 1013 formidaret.
556 961 617 1013 Et
635 958 840 1031 quando
857 956 1092 1010 nonlicet
1118 958 1168 1009 in
1186 954 1384 1029 singulis
1399 957 1680 1019 immorari,
1699 956 1790 1011 ad-

65 1034 168 1089 dite
188 1053 294 1094 vos,
308 1034 532 1105 quivisti,
549 1035 878 1108 alloquioque
895 1033 1167 1108 agnouistis
1181 1034 1435 1088 viuentem
1448 1034 1633 1088 oculati
1646 1035 1795 1088 testes

63 1115 299 1166 concines
313 1110 527 1184 nmquid
541 1110 621 1164 ille
634 1113 785 1165 animi
801 1108 1136 1165 finceriffimus
1150 1110 1483 1184 candor‚quid
1505 1111 1668 1165 vultus
1681 1109 1796 1182 pla-

61 1187 355 1243 cidiffimum
381 1189 527 1241 iubar
540 1226 553 1248 ‚
568 1188 690 1261 quid
705 1189 786 1242 illa
802 1186 900 1241 fine
919 1188 1181 1258 supercilio
1196 1187 1440 1249 maiestaS‚
1459 1185 1556 1241 fine
1569 1201 1798 1242 contem-

64 1281 154 1337 ptu
168 1265 394 1324 facilit-as,
411 1263 508 1317 fine
522 1264 799 1318 calliditate
819 1264 1076 1335 prudentia
1093 1300 1109 1323 ,
1124 1260 1223 1315 fine
1236 1261 1512 1317 acerbitate
1524 1263 1794 1322 maturitas,

62 1341 160 1395 fine
177 1340 290 1394 felle
304 1341 479 1395 lenitas
492 1379 504 1400 ,
523 1339 619 1394 fine
635 1339 752 1395 fuco
769 1338 1053 1410 simplicitas
1067 1375 1080 1397 ‚
1104 1339 1227 1411 quid
1244 1338 1396 1392 velox
1420 1340 1470 1391 in
1484 1337 1795 1393 consulendo

61 1418 262 1474 tarditas
278 1455 290 1477 ,
309 1417 433 1491 quid
448 1418 585 1471 tarda
600 1419 649 1470 in
667 1417 870 1489 agendo
892 1416 1130 1468 velocitas
1148 1453 1161 1475 ,
1176 1413 1300 1487 quid
1327 1414 1492 1469 mistus
1506 1417 1693 1488 pietate
1710 1432 1793 1470 ze-

61 1496 150 1555 lus,
167 1497 214 1547 &
232 1494 456 1565 asperata
477 1493 735 1547 seueritate
750 1493 1030 1550 clementia,
1047 1494 1096 1544 &
1111 1492 1248 1565 rigor
1265 1490 1528 1547 dulcedine
1546 1507 1798 1565 tempera-

63 1590 138 1630 tus
153 1574 307 1626 amari
325 1570 461 1624 simul
477 1568 637 1625 facilis
652 1607 665 1630 ,
685 1571 732 1621 &
747 1570 907 1622 timeri
921 1591 934 1628 ς
954 1567 1077 1642 quid
1092 1568 1309 1642 denique
1324 1568 1615 1624 innocentia
1630 1568 1796 1623 nescia

61 1649 190 1703 labis
205 1687 217 1709 ‚
234 1648 495 1722 integritas
511 1649 685 1721 ignara
701 1646 921 1700 defeetus
936 1683 948 1705 ,
968 1662 1128 1719 eaque
1145 1642 1456 1699 conscientiae
1484 1646 1671 1717 puritas
1685 1685 1698 1708 ‚
1712 1646 1797 1700 cui

62 1744 154 1780 nec
187 1725 316 1798 pilus
342 1724 571 1778 vmbram
597 1723 808 1783 faceret,
825 1740 916 1777 nec
934 1723 1084 1776 vllam
1102 1723 1151 1774 in
1168 1719 1242 1780 se,
1260 1722 1340 1774 vel
1369 1722 1420 1774 in
1435 1721 1639 1794 Sponsae
1653 1722 1796 1775 vultu

67 1820 245 1874 rugam
273 1801 370 1855 fine
399 1803 614 1874 gemitu,
632 1800 885 1854 maculam
911 1797 1009 1854 fine
1037 1798 1270 1872 lacrymis
1285 1795 1536 1852 sustineret
1566 1805 1580 1854 ἒ
1606 1798 1797 1852 Obruis

65 1898 145 1934 rne
160 1917 172 1939 ‚
200 1879 389 1932 Carole
407 1917 420 1938 ,
436 1878 670 1930 virtutum
687 1895 924 1935 numero,
942 1894 1048 1948 quae
1064 1875 1182 1928 dum
1198 1890 1443 1928 conantur
1459 1893 1520 1928 ex
1537 1893 1626 1929 ore
1639 1889 1799 1929 certa-

67 1957 157 2009 tim
172 1955 362 2028 egredi,
380 1951 579 2027 seseque
594 1955 756 2006 inuice
769 1953 1086 2026 glomeratim
1100 1950 1302 2004 trudunt
1317 1987 1330 2011 ,
1346 1951 1427 2005 vel
1442 1965 1621 2005 truncae
1633 1967 1800 2004 erum-

66 2049 204 2104 punt,
222 2032 301 2083 vel
317 2027 487 2084 clausae
503 2032 795 2101 expiranrin
812 2027 1040 2082 faucibus
1057 2049 1071 2087 ;
1086 2044 1375 2101 quanquam
1389 2027 1511 2100 quid
1528 2028 1598 2081 est
1612 2026 1803 2082 neceise

67 2111 290 2180 perituro
309 2107 415 2161 illas
433 2105 558 2160 sono
571 2123 743 2160 eorum
760 2106 964 2160 auribus
978 2101 1554 2178 representare‚quorum
1566 2104 1666 2158 iam
1679 2121 1803 2157 ocu-

68 2187 128 2239 lis
145 2182 264 2254 ipsa,
282 2183 399 2236 dnm
417 2185 620 2243 viueret,
634 2198 754 2237 nota
768 2181 835 2236 sat
850 2180 1001 2235 facies
1018 2177 1318 2252 impreffit,&
1333 2198 1547 2254 quorum
1565 2180 1804 2234 cordibus

67 2260 172 2332 ipsa
191 2261 300 2331 post
329 2276 541 2313 mortem
569 2276 711 2326 parta
738 2253 1411 2313 immortalitasconsecrauit
1439 2257 1463 2309 ?
1507 2259 1625 2310 Hoc
1651 2258 1804 2310 virtu-

75 2353 180 2391 tum
197 2338 384 2391 Senatu
400 2337 600 2390 decreta
615 2335 707 2389 tibi
721 2337 966 2390 aetcrnitas
983 2335 1072 2394 est,
1094 2335 1171 2388 his
1188 2332 1446 2407 syderibus
1460 2331 1702 2387 fabricata
1716 2351 1806 2386 co-

73 2432 226 2473 rona,
255 2414 332 2465 his
357 2415 568 2486 gemmis
582 2428 760 2466 ornata
788 2410 960 2470 infula,
979 2412 1056 2464 his
1081 2410 1230 2482 radijs
1258 2410 1606 2464 indumentum
1636 2410 1807 2481 gloriar

73 2505 384 2550 contextum,
403 2488 532 2542 bisce
547 2490 639 2542 alis
654 2492 842 2544 iun-stus
857 2490 922 2542 est
938 2506 1120 2549 currus,
1133 2505 1236 2560 quo
1255 2488 1352 2541 iam
1369 2486 1667 2545 emeritus‚&
1682 2502 1811 2539 onu-

75 2567 173 2620 stus
188 2562 370 2637 spolijs,
390 2564 653 2637 supernam
669 2568 718 2619 in
737 2568 956 2622 Patriam
973 2565 1225 2618 vehereris
1240 2599 1254 2615 .
1281 2565 1342 2615 Et
1358 2565 1532 2623 iam‚vt
1549 2560 1812 2620 nostis,hos

68 2645 197 2697 inter
214 2660 454 2719 egregios
481 2641 687 2698 labores
710 2642 939 2700 senuerat
956 2642 1177 2697 Carolus
1195 2676 1207 2703 ‚
1224 2642 1270 2692 &
1298 2641 1445 2695 ledtio
1474 2637 1657 2768 affidqa
1676 2638 1816 2692 sene-

1627 2733 1741 2768 cen-
