1887 2839
108 34 284 94 scentis
295 37 471 95 oculos
483 35 814 95 hebetauerat
831 78 846 102 ,
865 38 950 95 sed
969 56 1070 93 non
1089 38 1381 94 memoriam
1401 76 1416 101 ,
1435 37 1567 96 adeo
1593 37 1822 97 viuacem
1839 79 1851 103 .

108 118 158 169 &
173 119 433 191 integram,
447 133 500 170 vt
515 114 767 188 inscriptas
785 121 974 178 animo,
992 135 1095 170 non
1110 117 1374 171 codicibus
1389 117 1529 190 leges
1543 154 1558 178 ,
1573 116 1812 172 dictando
1830 155 1844 178 ,

103 193 475 268 allegandoque
491 192 732 246 inoffenso
749 194 879 264 pede
894 210 1226 265 percurreret,
1249 212 1339 247 nec
1354 210 1484 265 opus
1499 195 1710 248 haberet
1731 197 1839 249 ani-

105 272 377 326 mataluris
403 270 714 325 bibliotheca
739 271 896 324 libros
923 269 1181 325 consulere
1199 309 1211 332 ,
1229 269 1310 324 sed
1338 270 1402 324 ab
1420 271 1713 325 inexhausto
1732 290 1837 325 me.-

103 350 274 402 moriae
288 348 519 402 thesauro
535 366 842 420 quaecunque
858 348 1159 419 petebantur
1174 349 1392 406 oraculi,
1408 347 1495 399 vbi
1511 365 1635 418 opus
1652 347 1830 412 fuerat,

103 442 345 498 erogate,
363 460 377 476 .
422 427 590 477 Bonus
619 442 744 495 ergo
762 427 1066 496 caligauerat
1083 426 1273 484 Senex,
1292 423 1513 478 eofoelix
1531 462 1540 483 ,
1561 425 1700 496 quod
1721 442 1835 478 cum

105 500 406 554 Democrito
432 501 694 555 oculorum
724 500 891 553 lumen
922 502 1188 572 Sapientiae
1225 502 1398 555 lumini
1426 500 1803 555 consecrauetat
1821 538 1836 554 .

103 576 437 650 Caligauerat
455 595 592 631 meus
606 576 739 631 Isaac
758 614 772 638 ,
791 577 1195 632 benedictionem
1212 578 1415 631 daturus
1428 580 1610 650 pariter
1626 575 1764 646 filijs,
1783 579 1833 628 &

103 654 135 708 a
148 655 294 708 Patre
311 654 554 707 luminum
569 668 873 724 accepturus,
889 672 979 707 nec
999 655 1161 708 bonus
1176 654 1368 708 Tobias
1385 655 1554 709 lumen
1568 656 1833 708 oculorum

101 730 319 784 deflebat
343 729 634 801 ademptum
654 731 762 788 ,led
788 730 954 783 lumen
974 731 1143 802 gloriae
1178 732 1496 785 inocciduum
1523 729 1828 802 suspirabat„

102 805 273 861 frustra
289 822 340 859 vt
370 823 549 861 terram
564 806 807 877 aspiceret
822 807 1046 861 detractae
1060 805 1169 861 sunt
1183 811 1435 861 cataraotae
1451 807 1732 867 oculorum,
1750 808 1832 859 cui

101 899 158 936 vt
175 883 338 936 Deum
355 884 550 936 videret
577 883 962 937 recludebantur
977 886 1229 937 cataradtae
1243 883 1572 938 Coelorum„
1623 882 1710 937 llla
1731 900 1833 938 nox

99 960 330 1030 corporis
342 975 419 1012 tot
434 961 585 1013 animi
602 962 798 1013 oculata
817 959 1074 1033 syderibus
1093 978 1323 1014 auroram
1349 963 1457 1013 vitae
1472 998 1484 1019 ,
1500 960 1756 1031 beataeque
1769 976 1834 1012 ae-

100 1037 345 1089 ternitatis
369 1037 500 1089 diem
527 1035 838 1090 clariffituum
862 1037 1217 1107 promittebat,
1240 1038 1564 1090 tenebraeillae
1587 1034 1729 1106 supra
1755 1034 1831 1088 fa«

99 1113 229 1166 ciem
245 1113 392 1173 illius,
406 1115 491 1186 qui
508 1114 606 1166 dici
621 1128 814 1183 poterat
832 1132 933 1165 non
950 1131 1207 1186 aquarum,
1229 1113 1311 1166 sed
1329 1113 1516 1184 legum,
1534 1115 1581 1163 δε
1598 1110 1830 1165 scientia-

99 1206 209 1242 rum
237 1188 431 1259 abylsus
444 1227 455 1247 ,
473 1191 634 1242 lucem
648 1190 923 1261 aliqu.2ndo
940 1195 1164 1261 pariturae
1178 1207 1315 1244 erant
1330 1229 1344 1250 ,
1359 1191 1407 1239 &
1421 1190 1485 1242 ad
1503 1188 1625 1242 illud
1652 1206 1833 1257 praece-

99 1264 224 1317 dens
241 1264 443 1334 vespere
459 1263 595 1317 suum
622 1282 766 1317 mane
784 1265 1195 1337 subsequuturam
1211 1302 1223 1323 ,
1244 1281 1297 1316 vt
1318 1268 1416 1316 iam
1434 1267 1699 1334 praecinere
1715 1263 1834 1334 pos·-

96 1338 184 1401 set,
200 1357 345 1393 mane
361 1340 571 1393 adstabo
586 1340 677 1392 tibi
694 1377 705 1399 ,
724 1343 770 1390 &
786 1341 978 1393 videbo
994 1378 1006 1392 .
1053 1343 1097 1393 Α
1110 1341 1260 1393 dstitit
1274 1340 1474 1394 tandem
1489 1379 1500 1398 ,
1517 1343 1749 1394 morienti
1767 1358 1829 1394 ne

99 1416 262 1470 dicam
279 1454 292 1476 ,
305 1433 368 1470 an
385 1418 555 1470 viuere
582 1417 876 1486 incipienti?
906 1415 1251 1470 foeliciffimum
1268 1436 1414 1470 mane
1429 1455 1441 1474 ,
1456 1415 1566 1488 ipso
1583 1420 1828 1470 Penteco-

95 1494 189 1547 stcs
215 1493 414 1553 die‚tot
440 1492 690 1565 fulgidum
719 1492 945 1553 Solibus,
970 1491 1218 1565 quotvisae
1245 1492 1353 1546 sunt
1374 1494 1610 1565 loquaces
1627 1497 1833 1547 flammae

95 1570 292 1625 radiare
319 1569 382 1623 de
397 1569 581 1623 Coelo·
624 1569 764 1636 Qid
786 1571 910 1623 fletis
940 1568 1293 1623 Sarfinatenses
1319 1571 1341 1623 ἓ
1368 1572 1490 1643 quid
1508 1571 1832 1642 Virgunculae

94 1647 243 1700 nudis
257 1646 471 1716 pedibus
484 1647 637 1699 limen
652 1648 806 1699 teritis
823 1651 1025 1718 Magnae
1044 1647 1304 1718 Virginis?
1333 1647 1453 1719 quid
1473 1646 1626 1705 senes,
1640 1651 1687 1698 &
1705 1665 1830 1716 pue-

92 1724 150 1781 ri,
166 1724 327 1775 omnis
344 1738 475 1783 aetaS,
487 1720 693 1776 &sexus
708 1741 954 1775 marmora
970 1722 1164 1783 osculis,
1183 1724 1344 1777 Diuos
1358 1724 1606 1794 precibus,
1619 1723 1828 1777 Coelutn

92 1798 366 1871 gemitibus
380 1798 601 1871 fatigatis
616 1799 743 1852 illius
756 1799 969 1859 exilium,
987 1799 1318 1873 laboremque
1335 1803 1829 1872 prorogaturi,quem

94 1890 200 1928 tota
226 1876 463 1929 astrorum
490 1875 779 1947 eloquentia
804 1879 982 1945 repetit
1009 1878 1192 1936 Patria,
1222 1894 1373 1950 quern
1393 1892 1527 1930 totus
1556 1878 1606 1928 in
1625 1877 1822 1949 linguas

93 1953 291 2023 pluuius
305 1952 515 2022 Spiritus
528 1953 590 2005 ad
606 1952 652 2005 le
671 1967 820 2005 vocat
847 1952 869 2005 ?
908 1956 929 2007 1
957 1951 1098 2006 foelix
1113 1954 1295 2013 anima,
1311 1955 1435 2007 inter
1450 1970 1646 2008 tuorum
1663 1955 1826 2025 lacry-

92 2045 200 2081 mas
213 2064 226 2087 ,
241 2028 368 2080 inter
382 2028 647 2080 Coelorum
663 2031 883 2081 flammas
898 2065 912 2087 ,
931 2029 1067 2100 quafi
1083 2031 1355 2100 perignem
1373 2066 1388 2089 ,
1407 2031 1456 2080 &
1470 2048 1651 2101 aquarn
1670 2031 1734 2082 ad
1749 2048 1829 2083 re·-

90 2103 349 2175 frigerium
376 2101 663 2162 tranfitura;
689 2104 955 2176 ingredere
984 2119 1183 2164 terram,
1198 2104 1262 2159 ad
1279 2123 1429 2178 quarn
1445 2105 1829 2176 poffidendam„

93 2194 148 2234 vt
163 2197 226 2232 ex
243 2181 451 2251 AEgypti
466 2179 588 2251 iugo
605 2197 694 2249 per
710 2178 955 2234 desertum
971 2179 1413 2251 deducereris,ipse
1430 2183 1522 2236 tibi
1536 2185 1677 2236 Deus
1691 2185 1825 2255 ignis

90 2256 144 2309 in
172 2254 405 2310 columna
432 2257 686 2326 praeluxit.
730 2257 877 2311 Zelus
906 2257 1085 2311 domus
1111 2258 1213 2311 Dei
1239 2273 1286 2312 te
1305 2260 1557 2313 viuentem
1573 2261 1826 2319 comedit,

89 2331 229 2386 zelus
256 2332 356 2386 Dei
382 2333 432 2384 in
459 2331 686 2386 Domum
718 2332 815 2386 Dei
837 2348 884 2385 te
901 2334 1666 2395 morienteminduxit,charitas
1682 2335 1821 2396 vffir,

89 2409 306 2463 extinxit
329 2408 543 2463 charitas
559 2445 574 2469 ,
593 2409 703 2479 post
731 2409 1070 2464 membrorum
1087 2413 1276 2466 cineres
1292 2413 1340 2464 in
1357 2411 1618 2466 charitate
1638 2414 1736 2467 Dei
1750 2413 1827 2465 vi*

89 2487 200 2539 uaci
227 2485 464 2540 incendio
491 2486 874 2559 deflagraturam
891 2525 904 2538 .
949 2489 1024 2540 Te
1056 2503 1216 2543 totum
1235 2491 1283 2540 in
1306 2506 1454 2542 carne
1467 2492 1707 2559 Spiritum
1723 2504 1825 2544 non:

88 2561 193 2616 alio
210 2562 292 2616 die
306 2563 434 2616 mori
450 2580 540 2634 par
553 2579 683 2624 erat,
702 2582 854 2637 quarn
870 2582 972 2637 quo
992 2565 1207 2618 Diuinus
1222 2565 1271 2617 in
1300 2565 1417 2636 igne
1439 2567 1651 2633 Spiritus
1671 2567 1828 2620 vitam

89 2637 386 2695 mortalibus
399 2638 675 2718 inspirauit,
720 2643 859 2699 Mori
877 2643 1003 2697 inter
1016 2644 1240 2700 flammas
1253 2642 1509 2698 Phoenicis
1522 2646 1615 2705 est,
1638 2641 1722 2772 sedd
1741 2641 1826 2695 illa

1711 2735 1754 2769 ι,
