1887 2839
0 0 804 67 “fflds‘cTnH'iest—‘Peffiffffi'ibffion
820 0 982 72 mors]
990 0 1265 79 quaecunas
1279 4 1434 60 habet
1449 3 1500 58 in
1513 0 1716 64 feretrO,
1732 4 1806 58 lu-

77 105 188 142 cem
203 89 252 138 in
270 84 577 156 rog0,vitam
596 81 822 142 Munere,
837 82 1265 137 immortalitatem
1281 81 1308 135 τὶ
1325 82 1516 136 tumulo
1532 118 1544 134 .
1576 86 1811 137 Mortuus

79 181 146 224 es,
162 166 261 216 hoc
274 160 344 215 est
358 158 558 213 Sarfinae
570 161 670 214 ossa
686 196 702 222 ,
719 160 1014 213 memoriam
1030 159 1201 213 Patriae
1218 195 1229 217 ,
1243 156 1439 213 familiae
1457 158 1622 219 decus,
1633 158 1809 212 Eccle-

78 240 152 294 fiae
164 236 453 309 exemplum
465 273 477 294 .
497 237 664 291 lumen
678 236 805 290 Orbi
821 273 834 297 ,
850 238 969 289 Deo
984 237 1202 292 animam
1217 235 1506 299 reddidisti,
1523 237 1574 288 &
1599 251 1808 309 magna.

77 334 186 372 rum
202 315 389 368 alarum
415 315 600 388 Aquila
615 317 641 369 a
657 312 918 374 cineas-acia
931 313 1275 368 membrorum
1294 312 1437 375 strue,
1451 310 1715 385 solutoque
1729 311 1807 365 in.'

73 394 192 449 noxi
195 397 234 463 js
249 393 456 448 flammis
473 391 675 445 vinculo
688 392 862 452 caruis,
877 389 1048 444 liberis
1060 391 1110 444 in
1127 391 1332 445 Coelum
1344 393 1513 446 euesta
1529 388 1806 464 pennismb

73 470 198 527 dum
214 471 343 523 inter
359 468 549 543 sydera,
565 482 620 522 vt
634 465 718 540 pie
735 468 985 523 credimus
999 467 1279 529 ,collocasti
1293 506 1310 523 .

151 546 348 618 Accipe
364 546 562 599 interim
577 542 851 619 gratiffimae
865 546 1056 606 Patriae,
1068 562 1222 601 tuone
1236 545 1403 601 dicam
1422 542 1638 599 dolentis
1653 538 1811 599 funek

68 640 138 684 re,
155 622 368 695 positum
384 623 435 676 in
449 621 550 675 hoc
563 624 783 693 Templo
797 625 939 678 vacui
957 624 1205 678 honorem
1219 621 1447 695 sepulcri,
1461 640 1525 677 an
1542 636 1630 676 tuo
1643 621 1805 697 magis

69 699 362 773 gratulantis
374 698 634 771 triumpho
648 703 865 755 erectum
880 701 1008 755 inter
1020 702 1034 753 i
1040 697 1360 772 psas-inferias
1372 699 1683 771 Episcopalis
1695 713 1803 753 tro-

67 777 257 849 pheum
272 777 456 850 gloriae,
469 777 520 828 &
535 777 675 850 quod
691 774 844 850 longe
859 776 1271 832 honorificentius
1281 776 1364 838 est,
1381 794 1444 830 ex
1457 791 1659 831 tuorum
1673 793 1801 831 con-

65 855 252 907 ciuium
266 854 508 908 cordibus
521 856 649 907 viuis
671 871 763 907 ceu
788 853 1044 925 lapidibus
1059 852 1122 907 ad
1148 852 1370 907 flebilem
1386 868 1578 907 tuarum
1593 852 1800 908 laudum

71 929 391 984 harmoniam
409 930 709 984 coeuntibus
724 931 862 983 omni
885 947 977 983 aere
993 931 1260 1001 perennius
1274 967 1287 991 ,
1305 929 1583 1003 Regalique
1600 927 1687 982 fitu
1706 948 1797 1003 py-

68 1007 318 1060 ramidum
344 1006 492 1060 altius
521 1005 795 1060 immortali
835 1007 1030 1060 nomini
1068 1022 1155 1060 tuo
1180 1010 1455 1062 extructum
1482 1005 1592 1060 vice
1620 1005 1801 1062 tumuli

69 1082 447 1150 Mausoleum...
495 1080 690 1153 Accipe
716 1099 817 1154 prae
838 1083 1027 1137 caeteris
1050 1080 1353 1138 Illustrisfimi
1369 1083 1587 1154 Nepotis
1602 1084 1674 1137 tui
1687 1082 1800 1139 offi-

62 1158 368 1214 ciofiffimam
386 1161 748 1233 pietatem‚qua
763 1160 813 1211 δε
828 1161 1088 1214 morientis
1100 1159 1289 1215 lumina
1306 1159 1399 1214 suis
1412 1158 1645 1214 manibus
1658 1161 1801 1222 texit,

68 1235 416 1307 &supremum
431 1235 660 1297 halitum,
679 1236 979 1308 grandisque
992 1236 1167 1291 animae
1189 1236 1425 1309 reliquias
1437 1234 1525 1291 suo
1541 1254 1630 1291 ore
1641 1236 1800 1293 colle-

64 1315 158 1388 git,
174 1313 258 1366 suo
274 1312 394 1378 dum
408 1311 587 1366 vixerit
603 1310 878 1366 seruaturus
891 1313 942 1365 in
954 1315 1159 1384 pe&ore
1175 1349 1191 1373 ‚
1204 1312 1286 1365 vel
1299 1313 1452 1366 etiam
1466 1312 1516 1364 in
1533 1309 1668 1365 seros
1681 1312 1796 1368 Ne-

65 1405 217 1463 potes
229 1386 455 1462 pretiosae
480 1387 780 1442 haereditatis
795 1388 937 1442 titulo
952 1391 1067 1443 viua
1081 1386 1234 1441 veluti
1253 1388 1445 1442 virtutis
1461 1384 1646 1442 semina
1662 1402 1799 1443 tran-

63 1466 308 1522 smissurus
322 1506 334 1518 .
378 1465 422 1518 A
433 1465 577 1535 ccipe
594 1463 795 1518 demum
809 1466 1045 1538 exiguam
1064 1463 1197 1518 hanc
1209 1462 1275 1518 ab
1289 1464 1468 1521 Illustri
1482 1481 1612 1538 rogo
1628 1462 1798 1537 super-

62 1545 225 1599 stitem
239 1541 422 1596 debitae
435 1539 739 1595 laudationis
751 1538 1012 1597 scintillam
1028 1579 1040 1602 ,
1051 1559 1206 1616 quam
1228 1542 1323 1595 tuis
1337 1540 1590 1597 cineribus
1607 1543 1659 1596 in
1687 1561 1798 1598 me-

62 1621 226 1678 moria
251 1619 516 1672 hominum
532 1655 545 1678 ,
562 1616 594 1670 fi
611 1632 804 1672 tantum
822 1617 1017 1690 sperare
1029 1619 1240 1681 licuerit,
1256 1617 1561 1679 animandis,
1574 1617 1794 1692 frigida,

60 1697 267 1774 quidem
280 1696 491 1768 eloquio
505 1693 678 1769 lingua
694 1733 707 1756 ‚
724 1710 776 1750 at
791 1698 1120 1754 veneratione
1134 1732 1148 1758 ,
1161 1697 1210 1748 δε
1224 1693 1473 1771 obsequio
1484 1695 1663 1768 igneus
1684 1696 1798 1752 ani-

69 1792 195 1833 mus·
208 1770 565 1830 consecrabat.
617 1772 705 1829 DI
722 1773 769 1828 X
786 1774 841 1829 Ι.

1536 2678 1694 2763 ΙΙΙιιέ-
