1887 2839
88 85 195 126 rum
215 68 496 125 Monarcha
514 65 872 125 Brundufinum
896 65 1348 142 Archiepiscopurn
1376 71 1573 134 dixerit,
1593 76 1691 148 Q
1718 75 1834 135 Pius

91 145 326 199 Pontifex
347 146 491 201 huius
510 148 726 200 nominis
742 148 809 201 V.
835 146 883 200 in
909 148 1014 199 eius
1044 146 1190 199 obitu
1207 147 1480 218 collapsam
1500 150 1722 203 Eccleliae
1737 171 1826 206 co,

85 223 306 276 lumnam
324 262 336 283 ,
355 241 456 276 non
475 222 572 276 line
588 224 776 295 gemitu
793 261 805 283 ‚
821 223 1191 293 praedicanerit.
1237 224 1427 284 Huius,
1447 239 1496 278 tu
1514 227 1715 286 Carole,
1735 248 1824 301 ge..

87 299 231 353 rebas
249 317 448 360 nomen,
470 299 615 351 huius
631 300 902 371 imaginem
920 298 1182 359 referebas,
1202 298 1298 352 hoc
1315 301 1545 355 Chirone
1558 305 1823 360 erudieba-

85 376 150 429 ris
174 376 394 430 Achilles
409 414 423 437 ,
442 375 540 428 hoc
557 375 758 428 Achille
782 375 1069 429 Alexander
1092 377 1159 428 ad
1184 374 1450 431 sumendos
1470 396 1612 448 pares
1625 384 1819 440 animos

81 451 368 506 incitabaris
385 490 396 503 .
441 454 590 504 Hunc
607 450 834 505 habebas
853 453 1050 523 perdius
1068 490 1082 515 ,
1099 454 1147 503 ὃς
1169 471 1363 523 pernox
1391 458 1694 510 monito-rem
1711 459 1818 512 affi-

86 528 238 582 duum
254 566 266 588 ‚
288 530 473 582 vttanti
500 529 735 598 impleres
750 527 1026 583 mensuram
1047 531 1266 583 nominis
1285 571 1296 591 ‚
1312 534 1360 583 &
1377 532 1612 585 Patruum
1632 537 1815 605 Nepos

80 607 189 658 inte
205 607 486 659 rediuiuum
501 604 870 677 repraesentares
884 643 898 654 -
942 608 1115 660 Fecisti
1130 606 1325 679 vtique,
1344 608 1392 658 δε
1421 624 1564 661 tantae
1581 612 1817 665 imitatio-

82 682 158 735 nis
173 685 354 752 primas
369 679 657 736 adolescens
675 684 852 736 duxisti
869 682 1036 743 lineas,
1051 698 1239 736 matura
1260 684 1497 754 deinceps
1509 700 1648 739 aetate
1664 689 1816 758 perfi-

81 759 285 812 ciendas
299 797 312 811 .
355 760 490 813 Nam
508 760 628 833 quid
646 778 743 832 ego
758 759 967 813 referam
983 760 1511 821 vobisssononicnses,
1531 762 1677 832 iplius
1691 767 1816 821 acio-

79 832 386 898 lescentiam,
405 837 631 891 detritam
651 834 834 906 pariter
847 853 1100 890 armorum
1118 835 1301 906 studijs,
1319 839 1369 889 ὃς
1391 838 1685 899 litterarum,
1706 845 1814 916 gla-

78 911 166 965 dio
184 912 279 966 vna
296 911 573 985 fulgentem
587 951 600 972 ,
623 914 670 963 ὃ(
685 912 882 966 calamo
899 950 914 974 ,
930 929 1115 967 armata
1133 912 1268 967 fimul
1286 953 1298 974 ‚
1316 929 1591 989 rogataque
1610 918 1814 975 Pallade

82 986 463 1043 coruscantem?
504 988 623 1041 Siue
646 990 695 1042 in
712 987 828 1043 foro
842 1007 999 1063 eques
1015 991 1332 1046 vmbratilem
1348 993 1540 1048 luderet
1561 997 1781 1051 Martem
1794 1035 1809 1058 ‚

74 1064 367 1138 hastamque
381 1066 662 1120 decurreret
676 1104 688 1127 ,
702 1064 863 1121 fiuein
882 1067 1052 1139 Lyceo
1068 1068 1211 1141 pugil
1225 1085 1476 1124 exerceret
1493 1072 1777 1128 Mineruam
1796 1114 1811 1137 ‚

74 1145 178 1215 Q
196 1145 247 1196 in
261 1141 458 1198 erudita
485 1139 840 1214 disputantium
871 1161 1061 1197 corona
1090 1144 1315 1216 linguam
1344 1145 1590 1209 vibraret,
1604 1146 1809 1206 secundi

75 1217 313 1292 vtrinque
326 1217 606 1272 fremebant
621 1216 1106 1290 plausus,veniebant
1122 1219 1241 1274 hinc
1255 1222 1392 1275 illinc
1407 1222 1576 1276 iniussa
1592 1228 1805 1295 premia,

77 1295 194 1348 &in
210 1297 354 1350 vnius
368 1296 547 1366 capitis
564 1296 715 1351 decus
730 1296 907 1351 laureae
931 1296 1058 1350 oleis
1085 1297 1423 1369 iungebantur
1441 1337 1455 1351 .
1499 1301 1691 1355 Verum
1718 1304 1812 1357 ab-

76 1370 220 1426 stersa
236 1370 351 1427 ferri
373 1372 605 1444 rubigine
619 1388 781 1427 totum
798 1371 936 1426 illum
952 1389 1015 1425 ex
1038 1390 1162 1427 auro
1181 1373 1268 1428 fibi
1285 1374 1521 1446 sapientia
1540 1381 1777 1434 conflauit
1792 1419 1807 1442 ,

75 1449 126 1500 δε
139 1446 361 1504 auulsum
374 1448 440 1503 ab
463 1449 551 1502 illo
568 1451 746 1504 Martis
762 1450 1033 1522 tyrocinio,
1051 1450 1324 1512 volentem,
1338 1450 1729 1528 sequentemque
1745 1459 1811 1512 ad

74 1524 160 1581 sua
175 1528 325 1581 castra
342 1525 489 1599 plene
509 1525 750 1581 transtulit
763 1525 1114 1598 Iurisprudetia
1129 1566 1143 1589 ‚
1158 1528 1245 1581 vbi
1263 1529 1471 1584 militem
1487 1529 1621 1583 suum
1638 1533 1809 1605 legum

72 1620 319 1659 armatura
344 1605 588 1658 munitum
603 1642 619 1666 ,
639 1604 828 1660 Astreae
844 1602 1017 1678 gladio
1032 1605 1344 1676 praecindtum
1359 1644 1372 1667 ,
1389 1607 1655 1681 Vtriusque
1683 1613 1807 1665 luris

72 1680 342 1735 adamante
357 1678 650 1735 lucidiffimo
667 1681 1034 1743 te&um,dod³tis
1049 1683 1185 1753 prius
1198 1684 1416 1737 exercuit
1432 1686 1803 1751 certaminibus,

75 1775 198 1812 mox
213 1757 390 1830 Legali
412 1759 656 1812 donatum
669 1757 852 1819 laurea,
870 1757 1033 1812 vestro
1048 1759 1293 1832 Collegio
1309 1801 1323 1823 ‚
1346 1760 1693 1830 Sapienrissimi
1712 1764 1808 1818 Ρα-

73 1847 196 1893 tres,
212 1837 295 1907 qui
323 1850 593 1905 propterea
621 1834 800 1889 adestis
815 1835 1303 1906 funeri,cooptauit.
1349 1839 1397 1887 O
1414 1838 1570 1908 qualis
1589 1841 1802 1908 proinde

73 1910 221 1983 gema
236 1915 286 1963 in
299 1912 405 1965 eius
417 1910 566 1966 obitu
579 1929 642 1963 ve
651 1912 748 1964 strae
763 1911 878 1964 huic
894 1928 1094 1965 coronae
1109 1912 1327 1967 detradia
1343 1914 1409 1967 est
1429 1920 1442 1970 !
1465 1916 1609 1988 quale
1623 1917 1806 1974 astrum

78 1987 224 2041 vestri
240 1986 449 2042 Zodiaci
461 1985 703 2042 occubuit
722 1994 732 2040 1
753 2004 854 2060 que
867 2004 930 2041 ex
944 1987 1172 2043 Palladio
1188 1989 1286 2042 hoc
1302 2007 1507 2045 nemore
1525 1995 1693 2047 mortis
1713 1994 1808 2049 ful.

72 2063 206 2117 mine
222 2068 346 2119 taeta
361 2064 525 2119 laurus
542 2069 558 2120 ἱ
572 2064 684 2137 quis
698 2080 761 2117 ex
774 2065 869 2118 hac
884 2062 1066 2119 arbore
1082 2082 1259 2120 aureus
1274 2069 1405 2119 ram⁹
1423 2066 1613 2122 auulsus
1626 2067 1647 2125 ἐ
1662 2073 1808 2141 ᾳυοά

71 2138 189 2193 huic
205 2140 388 2208 Iustitie
403 2141 568 2212 Teplo
582 2139 825 2195 subduetfl
840 2141 1038 2196 colume
1055 2148 1230 2216 !quem
1245 2139 1314 2196 sui
1331 2145 1605 2199 Custodem
1628 2147 1805 2217 Aslrte

77 2217 287 2270 thronus
299 2216 457 2270 amifit
484 2223 498 2273 Ξ
524 2232 579 2271 vt
597 2217 715 2288 'vnon
741 2218 994 2274 immerito
1007 2221 1288 2274 communis
1304 2220 1406 2273 haec
1433 2222 1599 2275 clades
1616 2224 1804 2281 vestros

73 2291 323 2365 praecipue
337 2292 527 2349 ambiat
542 2293 1058 2369 gemitus,vestrasque
1071 2298 1246 2370 exigat
1259 2300 1526 2352 aceruatim
1543 2316 1704 2372 conge
1712 2301 1806 2360 stas

72 2369 298 2433 laureas,
313 2367 456 2441 super
469 2370 855 2427 Commilitonis
878 2389 1060 2446 rogum
1083 2371 1297 2428 funereis
1323 2377 1532 2428 flammis
1546 2376 1596 2428 in
1617 2380 1805 2435 amoris

75 2443 270 2518 fignum
285 2443 467 2500 arsuras
484 2483 499 2499 .
539 2446 643 2500 Sed
657 2445 923 2518 abruptum
942 2450 1134 2503 doloris
1163 2449 1364 2503 vulnere
1379 2454 1620 2504 orationis
1636 2452 1773 2508 filum
1789 2497 1805 2521 ,

72 2539 271 2577 mecum
289 2520 320 2575 fi
337 2522 478 2577 lubet
492 2524 719 2593 repetite,
733 2541 950 2599 eumque
964 2527 1203 2598 egressum
1216 2525 1244 2579 ὲ
1259 2525 1557 2588 Patria,&1n
1574 2529 1803 2588 Romana

71 2597 233 2652 Curia
250 2598 348 2652 vna
363 2616 477 2653 cum
497 2597 793 2654 Alexandro
809 2600 1098 2663 Ludouism,
1112 2602 1272 2656 Sacrae
1288 2617 1403 2656 tunc
1421 2604 1559 2659 Rotae
1579 2607 1800 2663 Audito-

73 2691 142 2737 τε,
154 2673 440 2749 eodemque
453 2675 629 2748 postea
649 2675 821 2741 Vrbis,
835 2680 884 2730 &
901 2677 1052 2733 Orbis
1067 2678 1416 2744 Moderatore‚
1433 2686 1511 2736 cui
1527 2682 1670 2737 datus
1685 2685 1799 2741 Stu-

1146 2753 1197 2808 A
1267 2772 1290 2822 5
1610 2761 1717 2813 dio.
