1887 2839
68 72 265 132 diorum
281 72 490 132 Comes,
506 72 553 125 in
571 74 746 148 Legali
761 74 970 147 palestra
982 75 1175 132 'strenue
1193 72 1468 131 desudante
1478 76 1730 131 considera
1740 91 1803 131 te.

66 151 193 218 Qis
210 149 290 202 hic
308 148 462 223 digne
477 168 720 205 memoret
749 150 950 227 vtriusq;
977 152 1182 208 illustres
1198 154 1420 207 noetiutn
1435 155 1630 227 vigilias
1643 192 1655 215 ,
1671 153 1804 207 diur-

70 229 144 279 nis
161 226 419 280 laboribus
432 229 778 285 continuatas?
806 232 915 303 quis
934 231 1126 303 rigatos
1156 228 1378 303 pretiosis
1396 230 1641 285 imbribus
1657 230 1802 284 codi-

67 320 149 356 ces
163 304 186 356 ἓ
200 305 311 376 quis
326 305 523 376 paginis
539 306 714 359 oculos
728 306 1083 361 consecratos?
1115 310 1226 381 quis
1241 308 1307 361 ab
1325 306 1572 361 immensis
1594 308 1691 361 illis
1706 323 1801 361 vo-

69 379 341 433 luminibus
358 381 580 434 haustam
596 383 798 436 humani
815 420 825 443 ‚
841 382 1099 456 diuinique
1111 385 1235 439 Iuris
1251 398 1361 438 toto
1376 388 1576 456 pectore
1593 383 1802 454 Sapien-

69 457 228 508 tiam?
270 458 383 510 Nec
401 457 523 510 vero
537 458 600 512 ad
628 459 839 512 stadium
869 459 991 513 illud
1010 461 1372 515 decurrendum
1389 460 1484 515 vlla
1502 459 1636 515 faces
1649 458 1805 514 adde-

71 531 160 585 bat
179 532 414 592 ambitio,
432 533 531 587 vlla
547 535 764 607 vrgebat
777 537 881 589 auri
906 537 1154 607 cupiditas
1168 577 1180 598 ,
1201 536 1301 592 sola
1318 537 1600 592 concordes
1614 536 1806 592 animas

68 611 264 662 virtussis
278 609 455 669 forma,
470 608 598 665 solus
612 630 754 666 amor
774 613 956 675 Patriae,
974 612 1137 669 solum
1154 616 1304 686 ignea
1321 614 1487 668 cordis
1508 613 1704 668 indoles
1721 630 1803 667 ac·

68 685 344 739 cendebat.
393 689 507 742 Erat
525 690 719 762 Vtrique
740 690 925 750 Roma,
945 691 1085 764 quod
1104 689 1282 744 Basilio
1299 692 1347 742 ὅ(
1363 692 1624 762 Gregorio
1646 690 1806 742 Athe-

67 779 140 816 nae
156 803 168 823 ,
189 778 239 816 vt
257 762 286 815 fi
305 783 338 836 q
352 766 414 816 ais
429 767 497 818 est
516 804 527 825 ,
545 782 624 820 aut
642 765 734 819 elle
762 766 978 821 creditur
993 770 1173 821 fluuius
1192 786 1283 839 per
1298 785 1433 821 mare
1449 766 1605 820 dulcis
1621 769 1778 820 fluens
1792 800 1806 823 2

70 855 154 893 aut
171 842 350 893 aninal
369 844 414 892 in
434 843 567 914 igne,
582 861 683 916 quo
700 845 868 897 omnia
885 842 1238 901 consumuntur
1253 882 1267 905 ,
1285 842 1460 898 saliens
1477 881 1487 902 ‚
1503 845 1602 896 hoc
1629 840 1718 914 ipfi
1734 838 1809 895 es-

68 911 171 968 sent
189 918 315 969 inter
329 920 593 991 aequalium
612 937 808 993 greges,
823 937 875 974 vt
891 921 952 974 de
968 918 1028 981 se,
1046 921 1209 994 deque
1229 922 1408 975 Bafilio
1426 920 1580 973 Socio
1596 920 1805 990 Grego-

72 995 171 1046 rius
188 991 399 1047 seribere
414 1013 517 1048 non
533 995 807 1050 dubitauit.
857 998 987 1052 Aula
1001 995 1385 1052 ambitiosorum
1402 991 1809 1070 gurges,vttique

69 1070 162 1124 fuit
187 1071 486 1126 innocentiae
516 1088 717 1144 portus,
733 1074 1047 1147 labyrinthus
1070 1092 1294 1129 errorum
1310 1089 1513 1134 ,trames
1531 1070 1814 1126 restiffimus

71 1148 333 1219 aequitatis,
351 1148 650 1203 adulationis
666 1151 866 1211 Schola,
881 1151 1101 1206 veritatis
1120 1151 1389 1223 Magistra.
1434 1151 1578 1203 Stetit
1595 1164 1810 1222 vterque

70 1224 191 1277 aula?
204 1222 372 1276 limine
389 1224 584 1278 lubrico
600 1263 611 1284 ,
630 1244 733 1299 quo
751 1227 922 1281 Petrus
938 1227 1041 1297 ipse
1057 1225 1249 1281 futurus
1266 1225 1490 1280 Ecclefiae
1507 1225 1812 1280 fundamen-

71 1315 176 1352 tum
192 1318 291 1352 non
310 1301 460 1361 stetit,
479 1300 560 1354 led
578 1304 662 1354 vbi
681 1303 899 1373 primum
925 1304 1095 1376 attigit
1124 1302 1410 1357 sceleratam
1426 1302 1620 1358 Iudaici
1639 1302 1815 1356 Ponti-

66 1374 173 1429 ficis
190 1378 294 1429 aula
305 1395 368 1438 m,
385 1378 692 1454 eodem‚quo
711 1398 844 1434 mare
863 1386 1108 1452 presserat,
1125 1379 1288 1452 lapsus
1302 1380 1515 1453 vestigio
1534 1379 1699 1436 aulam
1717 1379 1814 1433 do-

72 1454 174 1506 cuit
189 1452 522 1508 infideliorem
539 1459 774 1516 Oceano,
794 1459 843 1508 &
858 1459 1028 1512 mitius
1043 1475 1325 1531 aequoreas,
1341 1475 1494 1530 quam
1508 1457 1694 1511 aulicas
1709 1453 1813 1511 sur-

73 1547 193 1600 gere
209 1546 374 1601 tempe
384 1532 525 1587 states
538 1569 553 1586 .
597 1535 732 1606 Ergo
746 1549 800 1588 vt
816 1534 954 1588 multi
969 1532 1249 1595 Romae‚suo
1268 1535 1508 1595 licet,non
1526 1534 1648 1588 aulae
1663 1535 1810 1595 viti0,

70 1605 231 1660 solum
248 1624 445 1670 emant,
467 1611 546 1662 vel
563 1612 823 1664 venditent
847 1610 1057 1673 fumum,
1072 1610 1293 1666 Carolus
1309 1613 1491 1666 Bouius
1509 1611 1671 1666 lucem
1689 1609 1812 1664 hau·

71 1681 128 1735 fit
141 1721 155 1745 ,
174 1702 324 1756 quam
341 1685 389 1738 in
405 1686 532 1740 alios
548 1686 863 1749 diffunderet,
877 1687 1017 1760 leges
1031 1690 1226 1759 accepit
1242 1726 1254 1748 ,
1269 1706 1395 1761 quas
1408 1687 1625 1742 traderet
1639 1703 1809 1759 popu-

70 1759 146 1819 lis,
162 1762 267 1814 iura
283 1761 476 1824 didicit,
490 1767 598 1835 quae
616 1765 845 1818 Vrbibus
859 1764 1060 1823 diceret,
1074 1766 1273 1820 oracula
1292 1764 1488 1825 ebibit,
1507 1781 1616 1837 quae
1632 1781 1809 1835 peten-

72 1837 205 1890 tibus
219 1838 655 1907 redderet,1ustitie
670 1843 836 1895 lances
851 1840 938 1894 fibi
953 1841 1169 1895 creditas
1184 1839 1400 1912 sumpfit,
1418 1842 1603 1915 quibus
1619 1841 1808 1896 iudicia

71 1917 208 1967 recto
222 1915 425 1969 libraret
438 1919 690 1976 examine,
712 1919 899 1970 Astreae
913 1919 1138 1990 gladium
1165 1916 1253 1973 fibi
1267 1918 1520 1972 comissum
1537 1917 1807 1977 distrinxit,

75 2008 181 2063 quo
198 2009 287 2044 cau
297 1990 452 2045 sarum
468 1994 696 2045 Gordios
711 1993 996 2050 diss'olueret
1019 1994 1215 2053 nodos;
1227 1993 1449 2067 denique
1461 2031 1474 2053 ,
1488 2009 1539 2048 vt
1556 1992 1716 2047 verbo
1731 1993 1810 2046 di-

72 2085 199 2128 cam,
215 2085 276 2121 ex
292 2068 372 2121 illa
391 2071 713 2139 Sceptrorum
730 2070 1058 2125 Pastoralium
1073 2069 1264 2140 semper
1278 2069 1568 2125 feraciffima
1585 2071 1772 2143 Sylua..
1790 2107 1808 2132 ‚

73 2143 193 2200 duas
210 2142 296 2197 fibi
315 2183 326 2204 ‚
343 2145 475 2199 iuxta
493 2148 749 2200 oraculum
764 2147 1046 2201 Zacchariae
1060 2184 1076 2209 ‚
1095 2149 1264 2218 virgas
1279 2145 1570 2206 funiculum,
1585 2149 1634 2198 &
1651 2146 1808 2200 deco-

72 2239 176 2275 rem
195 2223 432 2290 praecidit,
448 2223 545 2277 boc
562 2224 630 2277 est
646 2224 902 2285 iudicium,
919 2226 968 2275 &
984 2222 1376 2277 misericordiam
1391 2261 1405 2284 ,
1421 2223 1603 2296 quibus
1619 2222 1695 2277 bis
1711 2223 1806 2277 Pa-

73 2298 170 2351 stor
186 2297 372 2353 futurus
389 2301 748 2355 credendarum
768 2300 856 2353 fibi
874 2318 1081 2374 gregem
1109 2299 1329 2371 pasceret
1357 2302 1666 2354 animarum,
1685 2336 1700 2351 .
1744 2300 1808 2353 Et

74 2376 247 2447 qua-do
261 2378 410 2431 iturus
429 2397 516 2449 pet
533 2378 721 2452 lingula
750 2380 935 2451 iniquis
951 2396 1134 2450 vrgeor
1149 2375 1341 2432 definiti
1357 2378 1600 2448 temporis
1614 2375 1808 2446 spatijs,

72 2451 220 2506 liceat
242 2451 513 2509 Auditorcs
542 2455 742 2526 praeciso
771 2455 950 2509 ordine
965 2495 978 2516 ,
996 2454 1182 2509 &serie
1208 2468 1491 2524 temporum
1507 2490 1521 2513 ‚
1537 2453 1807 2508 multorum

73 2547 150 2582 res
167 2532 326 2602 gestas
342 2550 587 2586 annorum
605 2570 619 2593 ,
638 2534 780 2586 obita
807 2550 1008 2586 munera
1024 2570 1039 2594 ,
1054 2532 1313 2585 illustratas
1331 2529 1495 2584 Vrbes
1512 2569 1526 2591 ‚
1543 2527 1809 2601 configna-

76 2604 252 2680 rosque
271 2614 521 2664 memoriae
551 2609 682 2663 fastis
708 2609 957 2663 nobilium
972 2611 1212 2662 virtutum
1240 2606 1635 2664 charadteresstn
1654 2621 1808 2658 vnum

74 2686 316 2740 orationis
329 2703 638 2742 momentu-,n
654 2686 966 2748 contrahere,
981 2687 1030 2738 &
1045 2704 1108 2740 ex
1133 2685 1352 2759 ingenti,
1369 2700 1476 2758 quae
1489 2681 1536 2737 se
1551 2683 1695 2737 offert
1712 2680 1808 2753 syl-

1648 2775 1707 2813 ua
1721 2793 1734 2819 ι
